<record><leader>00000cas a22000007a 4500</leader><controlfield tag="001">14218834</controlfield><controlfield tag="008">860915c19uu9999txuwr ne      0    0eng d</controlfield><datafield ind1=" " ind2=" " tag="010"><subfield code="a">sn 86089078 </subfield></datafield><datafield ind1=" " ind2=" " tag="040"><subfield code="a">PPM</subfield><subfield code="b">eng</subfield><subfield code="c">PPM</subfield><subfield code="d">OCLCQ</subfield></datafield><datafield ind1=" " ind2=" " tag="042"><subfield code="a">msc</subfield></datafield><datafield ind1="0" ind2="4" tag="245"><subfield code="a">The Frankston citizen.</subfield></datafield><datafield ind1=" " ind2=" " tag="260"><subfield code="a">Frankston, Tex. :</subfield><subfield code="b">J.M. Emerson</subfield></datafield><datafield ind1=" " ind2=" " tag="300"><subfield code="a">v. :</subfield><subfield code="b">ill.</subfield></datafield><datafield ind1=" " ind2=" " tag="310"><subfield code="a">Weekly</subfield></datafield><datafield ind1=" " ind2=" " tag="588"><subfield code="a">Description based on: Vol. 3, no. (Mar. 14, 1913).</subfield></datafield><datafield ind1=" " ind2=" " tag="752"><subfield code="a">United States</subfield><subfield code="b">Texas</subfield><subfield code="c">Anderson</subfield><subfield code="d">Frankston.</subfield></datafield><datafield ind1="0" ind2="0" tag="780"><subfield code="t">Frankston weekly citizen</subfield></datafield></record>